@inproceedings{harris1988combined,
  title={A combined corner and edge detector},
  author={Harris, Chris and Stephens, Mike and others},
  booktitle={Alvey vision conference},
  volume={15},
  number={50},
  pages={10--5244},
  year={1988},
  organization={Citeseer}
}
@article{lowe2004distinctive,
  title={Distinctive image features from scale-invariant keypoints},
  author={Lowe, David G},
  journal={International journal of computer vision},
  volume={60},
  number={2},
  pages={91--110},
  year={2004},
  publisher={Springer}
}
@inproceedings{rublee2011orb,
  title={ORB: An efficient alternative to SIFT or SURF},
  author={Rublee, Ethan and Rabaud, Vincent and Konolige, Kurt and Bradski, Gary},
  booktitle={2011 International conference on computer vision},
  pages={2564--2571},
  year={2011},
  organization={Ieee}
}
@article{opencv_library,
 author = {Bradski, G.},
 citeulike-article-id = {2236121},
 journal = {Dr. Dobb's Journal of Software Tools},
 keywords = {bibtex-import},
 priority = {4},
 title = {{The OpenCV Library}},
 year = {2000}
}
@inproceedings{lucas1981iterative,
  title={An iterative image registration technique with an application to stereo vision},
  author={Lucas, Bruce D and Kanade, Takeo and others},
  year={1981},
  organization={Vancouver}
}
@article{kalman1960new,
  title={A new approach to linear filtering and prediction problems},
  author={Kalman, Rudolph Emil},
  year={1960}
}